<record><leader>00000cas a2200000 a 4500</leader><controlfield tag="001">45343435</controlfield><controlfield tag="008">001113d20002001miuwr n       0   a0eng c</controlfield><datafield ind1=" " ind2=" " tag="010"><subfield code="a">   00213073 </subfield></datafield><datafield ind1=" " ind2=" " tag="040"><subfield code="a">NSD</subfield><subfield code="b">eng</subfield><subfield code="c">NSD</subfield><subfield code="d">MHN</subfield><subfield code="d">OCLCQ</subfield><subfield code="d">OCLCF</subfield><subfield code="d">OCLCO</subfield></datafield><datafield ind1=" " ind2=" " tag="012"><subfield code="m">y</subfield></datafield><datafield ind1="1" ind2=" " tag="022"><subfield code="a">1532-4354</subfield><subfield code="l">1532-4354</subfield><subfield code="y">0192-8678</subfield><subfield code="2">1</subfield></datafield><datafield ind1="1" ind2=" " tag="029"><subfield code="a">AU@</subfield><subfield code="b">000022104444</subfield></datafield><datafield ind1=" " ind2=" " tag="032"><subfield code="a">013770</subfield><subfield code="b">USPS</subfield></datafield><datafield ind1=" " ind2=" " tag="042"><subfield code="a">nsdp</subfield><subfield code="a">pcc</subfield></datafield><datafield ind1="0" ind2=" " tag="130"><subfield code="a">Pioneer (Evart ed.)</subfield></datafield><datafield ind1=" " ind2="0" tag="222"><subfield code="a">Pioneer</subfield><subfield code="b">(Evart ed.)</subfield></datafield><datafield ind1="0" ind2="0" tag="245"><subfield code="a">Pioneer.</subfield></datafield><datafield ind1=" " ind2=" " tag="250"><subfield code="a">Evart ed.</subfield></datafield><datafield ind1=" " ind2=" " tag="260"><subfield code="a">Big Rapids, MI :</subfield><subfield code="b">Pioneer Group,</subfield></datafield><datafield ind1=" " ind2=" " tag="300"><subfield code="a">v.</subfield></datafield><datafield ind1=" " ind2=" " tag="310"><subfield code="a">Weekly</subfield></datafield><datafield ind1="0" ind2=" " tag="362"><subfield code="a">138th yr., iss. 221 (Sept. 20, 2000)-139th yr., iss. 254 (Oct. 24, 2001).</subfield></datafield><datafield ind1=" " ind2="0" tag="651"><subfield code="a">Big Rapids (Mich.)</subfield><subfield code="v">Newspapers.</subfield></datafield><datafield ind1=" " ind2="0" tag="651"><subfield code="a">Evart (Mich.)</subfield><subfield code="v">Newspapers.</subfield></datafield><datafield ind1=" " ind2="0" tag="651"><subfield code="a">Mecosta County (Mich.)</subfield><subfield code="v">Newspapers.</subfield></datafield><datafield ind1=" " ind2="0" tag="651"><subfield code="a">Osceola County (Mich.)</subfield><subfield code="v">Newspapers.</subfield></datafield><datafield ind1=" " ind2="7" tag="655"><subfield code="a">Newspapers.</subfield><subfield code="2">fast</subfield><subfield code="0">(OCoLC)fst01423814</subfield></datafield><datafield ind1=" " ind2="7" tag="651"><subfield code="a">Michigan</subfield><subfield code="z">Big Rapids.</subfield><subfield code="2">fast</subfield><subfield code="0">(OCoLC)fst01216371</subfield></datafield><datafield ind1=" " ind2="7" tag="651"><subfield code="a">Michigan</subfield><subfield code="z">Evart.</subfield><subfield code="2">fast</subfield><subfield code="0">(OCoLC)fst01307972</subfield></datafield><datafield ind1=" " ind2="7" tag="651"><subfield code="a">Michigan</subfield><subfield code="z">Mecosta County.</subfield><subfield code="2">fast</subfield><subfield code="0">(OCoLC)fst01214742</subfield></datafield><datafield ind1=" " ind2="7" tag="651"><subfield code="a">Michigan</subfield><subfield code="z">Osceola County.</subfield><subfield code="2">fast</subfield><subfield code="0">(OCoLC)fst01214749</subfield></datafield><datafield ind1=" " ind2=" " tag="752"><subfield code="a">United State</subfield><subfield code="b">Michigan</subfield><subfield code="c">Mecosta</subfield><subfield code="d">Big Rapids.</subfield></datafield><datafield ind1="0" ind2=" " tag="775"><subfield code="t">Pioneer (Big Rapids, Mich.)</subfield><subfield code="w">(DLC)sn84006723</subfield><subfield code="w">(OCoLC)11501900</subfield></datafield><datafield ind1="0" ind2="0" tag="780"><subfield code="t">Evart review (Evart, Mich. : 1979)</subfield><subfield code="x">0192-8678</subfield><subfield code="w">(DLC)sn7906897</subfield><subfield code="w">(OCoLC)5081851</subfield></datafield><datafield ind1="0" ind2="7" tag="785"><subfield code="t">Reed city herald-news</subfield><subfield code="w">(DLC)sn96076672</subfield><subfield code="w">(OCoLC)34872625</subfield></datafield><datafield ind1="0" ind2="7" tag="785"><subfield code="t">Pioneer (Osceola ed.)</subfield><subfield code="w">(DLC)sn2003060106</subfield><subfield code="w">(OCoLC)51749209</subfield></datafield></record>